%% This BibTeX bibliography file was created using BibDesk.
%% http://bibdesk.sourceforge.net/


%% Created for Franklin McBride Marsh at 2016-08-31 22:59:41 -0700 


%% Saved with string encoding Unicode (UTF-8) 



@webpage{spineda2005homology,
	Date-Added = {2016-09-01 05:56:48 +0000},
	Date-Modified = {2016-09-01 05:59:37 +0000},
	Lastchecked = {08/31/2016},
	Url = {http://www.astro.caltech.edu/~jspineda/ay123/notes/2011/ay123_homology_oct2006.pdf},
	Year = {2006}}

@article{marsh2016characterization,
	Author = {Marsh, FM and Prince, TA and Mahabal, AA and Bellm, EC and Drake, AJ and Djorgovski, SG},
	Date-Added = {2016-08-31 00:10:51 +0000},
	Date-Modified = {2016-08-31 00:10:51 +0000},
	Journal = {Monthly Notices of the Royal Astronomical Society},
	Pages = {stw2110},
	Publisher = {Oxford University Press},
	Title = {Characterization of 9,380 Contact Binaries from the CRTS Variable Sources Catalogue},
	Year = {2016}}

@article{bilir2005kinematics,
	Author = {Bilir, S and Karata{\c{s}}, Y and Demircan, O and Eker, Z},
	Date-Added = {2016-08-16 22:41:40 +0000},
	Date-Modified = {2016-08-16 22:41:40 +0000},
	Journal = {Monthly Notices of the Royal Astronomical Society},
	Number = {2},
	Pages = {497--517},
	Publisher = {Oxford University Press},
	Title = {Kinematics of W Ursae Majoris type binaries and evidence of the two types of formation},
	Volume = {357},
	Year = {2005}}

@article{mochnacki1981contact,
	Author = {Mochnacki, SW},
	Date-Added = {2016-08-16 22:40:40 +0000},
	Date-Modified = {2016-08-16 22:40:40 +0000},
	Journal = {The Astrophysical Journal},
	Pages = {650--670},
	Title = {Contact binary stars},
	Volume = {245},
	Year = {1981}}

@article{pribulla2003catalogue,
	Author = {Pribulla, T and Kreiner, JM and Tremko, J},
	Date-Added = {2016-08-10 03:38:45 +0000},
	Date-Modified = {2016-08-10 03:38:45 +0000},
	Journal = {Contributions of the Astronomical Observatory Skalnate Pleso},
	Pages = {38--70},
	Title = {Catalogue of the field contact binary stars},
	Volume = {33},
	Year = {2003}}

@article{shu1976structure,
	Author = {Shu, FH and Lubow, SH and Anderson, L},
	Date-Added = {2016-08-10 03:38:14 +0000},
	Date-Modified = {2016-08-10 03:38:14 +0000},
	Journal = {The Astrophysical Journal},
	Pages = {536--546},
	Title = {On the structure of contact binaries. I-The contact discontinuity},
	Volume = {209},
	Year = {1976}}

@article{bradstreet1988mapping,
	Author = {Bradstreet, David H and Guinan, Edward F},
	Date-Added = {2016-08-10 03:22:26 +0000},
	Date-Modified = {2016-08-10 03:22:26 +0000},
	Title = {Mapping of surface activity on the W UMa-type system VW Cephei},
	Year = {1988}}

@article{akerlof1994application,
	Author = {Akerlof, Carl and Alcock, C and Allsman, R and Axelrod, T and Bennett, DP and Cook, KH and Freeman, K and Griest, K and Marshall, S and Park, H-S and others},
	Date-Added = {2016-08-10 03:22:07 +0000},
	Date-Modified = {2016-08-10 03:22:07 +0000},
	Journal = {The Astrophysical Journal},
	Pages = {787--794},
	Title = {Application of cubic splines to the spectral analysis of unequally spaced data},
	Volume = {436},
	Year = {1994}}

@article{andronov2012phenomenological,
	Author = {Andronov, Ivan L},
	Date-Added = {2016-08-10 03:21:52 +0000},
	Date-Modified = {2016-08-10 03:21:52 +0000},
	Journal = {Astrophysics},
	Number = {4},
	Pages = {536--550},
	Publisher = {Springer},
	Title = {Phenomenological modeling of the light curves of algol-type eclipsing binary stars},
	Volume = {55},
	Year = {2012}}

@article{rucinski1973w,
	Author = {Rucinski, SM},
	Date-Added = {2016-08-10 03:21:10 +0000},
	Date-Modified = {2016-08-10 03:21:10 +0000},
	Journal = {Acta Astronomica},
	Pages = {79},
	Title = {The W UMa-Type Systems as Contact Binaries. I. Two Methods of Geometrical Elements Determination. Degree of Contact},
	Volume = {23},
	Year = {1973}}

@article{zhao2008first,
	Author = {Zhao, M and Gies, D and Monnier, JD and Thureau, N and Pedretti, E and Baron, F and Merand, A and Ten Brummelaar, T and McAlister, H and Ridgway, ST and others},
	Date-Added = {2016-08-10 03:20:51 +0000},
	Date-Modified = {2016-08-10 03:20:51 +0000},
	Journal = {The Astrophysical Journal Letters},
	Number = {2},
	Pages = {L95},
	Publisher = {IOP Publishing},
	Title = {First resolved images of the eclipsing and interacting binary $\beta$ Lyrae},
	Volume = {684},
	Year = {2008}}

@article{eker2008new,
	Author = {Eker, Z and Bilir, S and Yaz, E and Demircan, O and Helvaci, M},
	Date-Added = {2016-08-10 03:20:37 +0000},
	Date-Modified = {2016-08-10 03:20:37 +0000},
	Journal = {arXiv preprint arXiv:0807.4989},
	Title = {New absolute magnitude calibrations for W Ursa Majoris type binaries},
	Year = {2008}}

@article{rucinski1993simple,
	Author = {Rucinski, SM},
	Date-Added = {2016-08-10 03:19:54 +0000},
	Date-Modified = {2016-08-10 03:19:54 +0000},
	Journal = {Publications of the Astronomical Society of the Pacific},
	Pages = {1433--1440},
	Publisher = {JSTOR},
	Title = {A simple description of light curves of W UMa systems},
	Year = {1993}}

@article{hilditch1988evolutionary,
	Author = {Hilditch, RW and King, DJ and McFarlane, TM},
	Date-Added = {2016-08-10 03:19:04 +0000},
	Date-Modified = {2016-08-10 03:19:04 +0000},
	Journal = {Monthly Notices of the Royal Astronomical Society},
	Number = {2},
	Pages = {341--352},
	Publisher = {Oxford University Press},
	Title = {The evolutionary state of contact and near-contact binary stars},
	Volume = {231},
	Year = {1988}}

@article{pribulla2006contact,
	Author = {Pribulla, Theodor and Rucinski, Slavek M},
	Date-Added = {2016-08-09 06:27:12 +0000},
	Date-Modified = {2016-08-09 06:27:12 +0000},
	Journal = {The Astronomical Journal},
	Number = {6},
	Pages = {2986},
	Publisher = {IOP Publishing},
	Title = {Contact binaries with additional components. I. The extant data},
	Volume = {131},
	Year = {2006}}

@article{chen2016physical,
	Author = {Chen, Xiaodian and Deng, Licai and de Grijs, Richard and Zhang, Xiaobin and Xin, Yu and Wang, Kun and Luo, Changqing and Yan, Zhengzhou and Tian, Jianfeng and Sun, Jinjiang and others},
	Date-Added = {2016-07-26 16:56:56 +0000},
	Date-Modified = {2016-07-26 16:56:56 +0000},
	Journal = {arXiv preprint arXiv:1607.06152},
	Title = {Physical parameter study of eight W Ursae Majoris-type contact binaries in NGC 188},
	Year = {2016}}

@misc{rucinski1993realm,
	Author = {Rucinski, SM},
	Date-Added = {2016-07-25 18:15:49 +0000},
	Date-Modified = {2016-07-25 18:15:49 +0000},
	Publisher = {Kluwer Acad. Publ., Dordrecht},
	Title = {The Realm of Interacting Binary Stars},
	Year = {1993}}

@article{lubow1977structure,
	Author = {Lubow, SH and Shu, FH},
	Date-Added = {2016-07-23 20:17:30 +0000},
	Date-Modified = {2016-07-23 20:17:30 +0000},
	Journal = {The Astrophysical Journal},
	Pages = {517--525},
	Title = {On the structure of contact binaries. II-Zero-age models},
	Volume = {216},
	Year = {1977}}

@book{kallrath2009eclipsing,
	Author = {Kallrath, Josef and Milone, Eugene F},
	Date-Added = {2016-07-06 23:03:55 +0000},
	Date-Modified = {2016-07-06 23:03:55 +0000},
	Publisher = {Springer},
	Title = {Eclipsing binary stars: modeling and analysis},
	Year = {2009}}

@article{antokhina2011light,
	Author = {Antokhina, EA and Rao, M Srinivasa and Parthasarathy, M},
	Date-Added = {2016-07-06 22:02:56 +0000},
	Date-Modified = {2016-07-06 22:02:56 +0000},
	Journal = {New Astronomy},
	Number = {3},
	Pages = {177--182},
	Publisher = {Elsevier},
	Title = {Light curve analysis of Hipparcos data for the massive O-type eclipsing binary UW CMa},
	Volume = {16},
	Year = {2011}}

@article{lorenzo2014my,
	Author = {Lorenzo, J and Negueruela, I and Baker, AKF Val and Garc{\'\i}a, Miriam and Sim{\'o}n-D{\'\i}az, Sergio and Pastor, P and Majuelos, M M{\'e}ndez},
	Date-Added = {2016-07-06 22:02:20 +0000},
	Date-Modified = {2016-07-06 22:02:20 +0000},
	Journal = {Astronomy \& Astrophysics},
	Pages = {A110},
	Publisher = {EDP Sciences},
	Title = {MY Camelopardalis, a very massive merger progenitor},
	Volume = {572},
	Year = {2014}}

@article{hilditch2005forty,
	Author = {Hilditch, RW and Howarth, ID and Harries, TJ},
	Date-Added = {2016-07-06 22:01:39 +0000},
	Date-Modified = {2016-07-06 22:01:39 +0000},
	Journal = {Monthly Notices of the Royal Astronomical Society},
	Number = {1},
	Pages = {304--324},
	Publisher = {Oxford University Press},
	Title = {Forty eclipsing binaries in the Small Magellanic Cloud: fundamental parameters and Cloud distance},
	Volume = {357},
	Year = {2005}}

@article{popper1978masses,
	Author = {Popper, DM},
	Date-Added = {2016-07-06 21:57:47 +0000},
	Date-Modified = {2016-07-06 21:57:47 +0000},
	Journal = {The Astrophysical Journal},
	Pages = {L11--L14},
	Title = {Masses of hot main-sequence stars},
	Volume = {220},
	Year = {1978}}

@article{penny2008tomographic,
	Author = {Penny, Laura R and Ouzts, Cynthia and Gies, Douglas R},
	Date-Added = {2016-07-06 21:53:08 +0000},
	Date-Modified = {2016-07-06 21:53:08 +0000},
	Journal = {The Astrophysical Journal},
	Number = {1},
	Pages = {554},
	Publisher = {IOP Publishing},
	Title = {Tomographic Separation of Composite Spectra. XI. The Physical Properties of the Massive Close Binary HD 100213 (TU Muscae)},
	Volume = {681},
	Year = {2008}}

@article{hut1992binaries,
	Author = {Hut, Piet and McMillan, Steve and Goodman, Jeremy and Mateo, Mario and Phinney, ES and Pryor, Carlton and Richer, Harvey B and Verbunt, Frank and Weinberg, Martin},
	Date-Added = {2016-07-06 21:51:57 +0000},
	Date-Modified = {2016-07-06 21:51:57 +0000},
	Journal = {Publications of the Astronomical Society of the Pacific},
	Pages = {981--1034},
	Publisher = {JSTOR},
	Title = {Binaries in globular clusters},
	Year = {1992}}

@article{darwish2016orbital,
	Author = {Darwish, MS and Elkhateeb, MM and Nouh, MI and Saad, SM and Hamdy, MA and Beheary, MM and Gadallah, K and Zaid, I},
	Date-Added = {2016-07-02 17:28:13 +0000},
	Date-Modified = {2016-07-02 17:28:13 +0000},
	Journal = {arXiv preprint arXiv:1606.07510},
	Title = {Orbital solution and evolutionary state for the eclipsing binary 1SWASP J080150. 03+ 471433.8},
	Year = {2016}}

@article{eggleton1983approximations,
	Author = {Eggleton, Peter P},
	Date-Added = {2016-06-30 18:13:23 +0000},
	Date-Modified = {2016-06-30 18:13:23 +0000},
	Journal = {The Astrophysical Journal},
	Pages = {368},
	Title = {Approximations to the radii of Roche lobes},
	Volume = {268},
	Year = {1983}}

@article{abbott2016observation,
	Author = {Abbott, BP and Abbott, Richard and Abbott, TD and Abernathy, MR and Acernese, Fausto and Ackley, Kendall and Adams, Carl and Adams, Thomas and Addesso, Paolo and Adhikari, RX and others},
	Date-Added = {2016-06-30 00:11:13 +0000},
	Date-Modified = {2016-06-30 00:11:13 +0000},
	Journal = {Physical review letters},
	Number = {6},
	Pages = {061102},
	Publisher = {APS},
	Title = {Observation of gravitational waves from a binary black hole merger},
	Volume = {116},
	Year = {2016}}

@article{pojmanski2002all,
	Author = {Pojmanski, G},
	Date-Added = {2016-06-28 18:01:17 +0000},
	Date-Modified = {2016-06-28 18:01:17 +0000},
	Journal = {Acta Astronomica},
	Pages = {397--427},
	Title = {The All Sky Automated Survey. Catalog of Variable Stars. I. 0 h-6 hQuarter of the Southern Hemisphere},
	Volume = {52},
	Year = {2002}}

@article{gettel2006catalog,
	Author = {Gettel, Sara J and Geske, Michael T and McKay, Tim A},
	Date-Added = {2016-06-27 21:46:11 +0000},
	Date-Modified = {2016-06-27 21:46:11 +0000},
	Journal = {The Astronomical Journal},
	Number = {1},
	Pages = {621},
	Publisher = {IOP Publishing},
	Title = {A catalog of 1022 bright contact binary stars},
	Volume = {131},
	Year = {2006}}

@article{kuiper1941interpretation,
	Author = {Kuiper, Gerard P},
	Date-Added = {2016-06-27 19:32:10 +0000},
	Date-Modified = {2016-06-27 19:32:10 +0000},
	Journal = {The Astrophysical Journal},
	Pages = {133},
	Title = {On the Interpretation of beta Lyrae and Other Close Binaries.},
	Volume = {93},
	Year = {1941}}

@article{mateo1990blue,
	Author = {Mateo, Mario and Harris, Hugh C and Nemec, James and Olszewski, Edward W},
	Date-Added = {2016-06-27 19:06:34 +0000},
	Date-Modified = {2016-06-27 19:06:34 +0000},
	Journal = {The Astronomical Journal},
	Pages = {469--484},
	Title = {Blue stragglers as remnants of stellar mergers-The discovery of short-period eclipsing binaries in the globular cluster NGC 5466},
	Volume = {100},
	Year = {1990}}

@article{yan1994primordial,
	Author = {Yan, Lin and Mateo, Mario},
	Date-Added = {2016-06-27 18:57:46 +0000},
	Date-Modified = {2016-06-27 18:57:46 +0000},
	Journal = {The Astronomical Journal},
	Pages = {1810--1827},
	Title = {Primordial main equence binary stars in the globular cluster M71},
	Volume = {108},
	Year = {1994}}

@article{kaluzny1988ccd,
	Author = {Kaluzny, Janusz and Shara, Michael M},
	Date-Added = {2016-06-27 18:03:37 +0000},
	Date-Modified = {2016-06-27 18:03:37 +0000},
	Journal = {The Astronomical Journal},
	Pages = {785--793},
	Title = {A CCD survey for contact binaries in six open clusters},
	Volume = {95},
	Year = {1988}}

@article{coker2013study,
	Author = {Coker, D and {\"O}zdemir, S and Ye{\c{s}}ilyaprak, C and Yerli, SK and Aksaker, N and G{\"u}{\c{c}}sav, BB},
	Date-Added = {2016-06-22 00:50:09 +0000},
	Date-Modified = {2016-06-22 00:50:09 +0000},
	Journal = {Publications of the Astronomical Society of Australia},
	Pages = {e013},
	Publisher = {Cambridge Univ Press},
	Title = {A Study on W Ursae Majoris-Type Systems Recognised by the ROTSE-IIId Experiment},
	Volume = {30},
	Year = {2013}}

@inproceedings{rubenstein2000metallicity,
	Author = {Rubenstein, E},
	Booktitle = {Stars, Gas and Dust in Galaxies: Exploring the Links},
	Date-Added = {2016-06-21 23:44:51 +0000},
	Date-Modified = {2016-06-21 23:44:51 +0000},
	Pages = {167},
	Title = {Metallicity, Age and the Color-Period Relation for Contact Binaries},
	Volume = {221},
	Year = {2000}}

@article{hambalek2013reliability,
	Author = {Hamb{\'a}lek, L and Pribulla, T},
	Date-Added = {2016-06-21 23:39:28 +0000},
	Date-Modified = {2016-06-21 23:39:28 +0000},
	Journal = {Contributions of the Astronomical Observatory Skalnate Pleso},
	Pages = {27--46},
	Title = {The reliability of mass-ratio determination from light curves of contact binary stars},
	Volume = {43},
	Year = {2013}}

@article{lee2014properties,
	Author = {Lee, C-H and Koppenhoefer, J and Seitz, S and Bender, R and Riffeser, A and Kodric, M and Hopp, U and Snigula, J and G{\"o}ssl, C and Kudritzki, R-P and others},
	Date-Added = {2016-06-21 23:26:50 +0000},
	Date-Modified = {2016-06-21 23:26:50 +0000},
	Journal = {The Astrophysical Journal},
	Number = {1},
	Pages = {22},
	Publisher = {IOP Publishing},
	Title = {Properties OF M31. V. 298 eclipsing binaries from PAndromeda},
	Volume = {797},
	Year = {2014}}

@article{vilardell2006eclipsing,
	Author = {Vilardell, F and Ribas, I and Jordi, C},
	Date-Added = {2016-06-21 23:26:35 +0000},
	Date-Modified = {2016-06-21 23:26:35 +0000},
	Journal = {Astronomy \& Astrophysics},
	Number = {1},
	Pages = {321--331},
	Publisher = {EDP Sciences},
	Title = {Eclipsing binaries suitable for distance determination in the Andromeda galaxy},
	Volume = {459},
	Year = {2006}}

@article{koen2016multi,
	Author = {Koen, C and Koen, T and Gray, RO},
	Date-Added = {2016-06-16 16:04:18 +0000},
	Date-Modified = {2016-06-16 16:04:18 +0000},
	Journal = {The Astronomical Journal},
	Number = {6},
	Pages = {168},
	Publisher = {IOP Publishing},
	Title = {MULTI-FILTER LIGHT CURVES OF 29 VERY SHORT PERIOD CANDIDATE CONTACT BINARIES},
	Volume = {151},
	Year = {2016}}

@article{rucinski1997eclipsing,
	Author = {Rucinski, Slavek M},
	Date-Added = {2016-06-16 16:03:53 +0000},
	Date-Modified = {2016-06-16 16:03:53 +0000},
	Journal = {The Astronomical Journal},
	Pages = {407},
	Title = {Eclipsing Binaries in the OGLE Variable Star Catalog. IW Uma-Type Systems as Distance and Population Tracers in Baade's Window},
	Volume = {113},
	Year = {1997}}

@article{zeraatgari2015neural,
	Author = {Zeraatgari, FZ and Abedi, A and Farshad, M and Ebadian, M and Riazi, N and Nedoro{\v{s}}{\v{c}}{\'\i}k, J and Va{\v{n}}ko, M and Pribulla, T and Kjurkchieva, D and Popov, V and others},
	Date-Added = {2016-06-09 19:04:39 +0000},
	Date-Modified = {2016-06-09 19:04:39 +0000},
	Journal = {Contrib. Astron. Obs. Skalnat{\'e} Pleso},
	Pages = {5--16},
	Title = {Neural network analysis of W UMa eclipsing binaries},
	Volume = {45},
	Year = {2015}}

@article{prvsa2013physics,
	Author = {Pr{\v{s}}a, A and Degroote, P and Conroy, K and Bloemen, S and Hambleton, K and Giammarco, J and Pablo, H},
	Date-Added = {2016-06-09 19:02:36 +0000},
	Date-Modified = {2016-06-09 19:02:36 +0000},
	Journal = {EAS Publications Series},
	Pages = {259--268},
	Publisher = {EDP Sciences},
	Title = {Physics of Eclipsing Binaries: Motivation for the New-Age Modeling Suite},
	Volume = {64},
	Year = {2013}}

@article{li2007formation,
	Author = {Li, Lifang and Zhang, Fenghui and Han, Zhanwen and Jiang, Dengkai},
	Date-Added = {2016-06-09 18:58:41 +0000},
	Date-Modified = {2016-06-09 18:58:41 +0000},
	Journal = {The Astrophysical Journal},
	Number = {1},
	Pages = {596},
	Publisher = {IOP Publishing},
	Title = {Formation and evolution of W ursae majoris contact binaries},
	Volume = {662},
	Year = {2007}}

@url{sluys2006roche,
	Author = {Marc Van Der Sluys},
	Date-Added = {2016-06-07 14:43:30 +0000},
	Date-Modified = {2016-06-07 14:49:14 +0000},
	Title = {Roche Potential},
	Url = {http://hemel.waarnemen.com/Informatie/Sterren/hoofdstuk6.html#h6.2},
	Year = {2006},
	Bdsk-File-1 = {YnBsaXN0MDDUAQIDBAUGJCVYJHZlcnNpb25YJG9iamVjdHNZJGFyY2hpdmVyVCR0b3ASAAGGoKgHCBMUFRYaIVUkbnVsbNMJCgsMDxJXTlMua2V5c1pOUy5vYmplY3RzViRjbGFzc6INDoACgAOiEBGABIAFgAdccmVsYXRpdmVQYXRoWWFsaWFzRGF0YV8QEnNsdXlzMjAwNnJvY2hlLnBuZ9IXCxgZV05TLmRhdGFPEQGaAAAAAAGaAAIAAAxNYWNpbnRvc2ggSEQAAAAAAAAAAAAAAAAAAADNZKhqSCsAAAJ5K9QSc2x1eXMyMDA2cm9jaGUucG5nAAAAAAAAAAAAAAAAAAAAAAAAAAAAAAAAAAAAAAAAAAAAAAAAAAAAAAAAAAAAAnkr7dN8K0sAAAAAAAAAAAABAAIAAAkgAAAAAAAAAAAAAAAAAAAADHRoZXNpc19tYXJzaAAQAAgAAM1lCtoAAAARAAgAANN8jbsAAAABAAwCeSvUAAXEdAACEOkAAgA+TWFjaW50b3NoIEhEOlVzZXJzOgBGcmFua2xpbjoAdGhlc2lzX21hcnNoOgBzbHV5czIwMDZyb2NoZS5wbmcADgAmABIAcwBsAHUAeQBzADIAMAAwADYAcgBvAGMAaABlAC4AcABuAGcADwAaAAwATQBhAGMAaQBuAHQAbwBzAGgAIABIAEQAEgAuVXNlcnMvRnJhbmtsaW4vdGhlc2lzX21hcnNoL3NsdXlzMjAwNnJvY2hlLnBuZwATAAEvAAAVAAIAD///AACABtIbHB0eWiRjbGFzc25hbWVYJGNsYXNzZXNdTlNNdXRhYmxlRGF0YaMdHyBWTlNEYXRhWE5TT2JqZWN00hscIiNcTlNEaWN0aW9uYXJ5oiIgXxAPTlNLZXllZEFyY2hpdmVy0SYnVHJvb3SAAQAIABEAGgAjAC0AMgA3AEAARgBNAFUAYABnAGoAbABuAHEAcwB1AHcAhACOAKMAqACwAk4CUAJVAmACaQJ3AnsCggKLApACnQKgArICtQK6AAAAAAAAAgEAAAAAAAAAKAAAAAAAAAAAAAAAAAAAArw=}}

@article{mochnacki1972model,
	Author = {Mochnacki, SW and Doughty, NA},
	Date-Added = {2016-06-06 22:19:28 +0000},
	Date-Modified = {2016-06-06 22:19:28 +0000},
	Journal = {Monthly Notices of the Royal Astronomical Society},
	Number = {1},
	Pages = {51--65},
	Publisher = {Oxford University Press},
	Title = {A Model for the Totally Eclipsing W Ursae Majoris System AW UMa},
	Volume = {156},
	Year = {1972}}

@article{pringle1985interacting,
	Author = {Pringle, James Edward and Wade, Richard Alan},
	Date-Added = {2016-06-06 21:58:21 +0000},
	Date-Modified = {2016-06-06 21:58:21 +0000},
	Title = {Interacting binary stars},
	Year = {1985}}

@article{mochnacki1984accurate,
	Author = {Mochnacki, SW},
	Date-Added = {2016-06-06 21:49:51 +0000},
	Date-Modified = {2016-06-06 21:49:51 +0000},
	Journal = {The Astrophysical Journal Supplement Series},
	Pages = {551--561},
	Title = {Accurate integrations of the Roche model},
	Volume = {55},
	Year = {1984}}

@article{kopal1959close,
	Author = {Kopal, Zdenek},
	Date-Added = {2016-06-06 21:31:13 +0000},
	Date-Modified = {2016-06-06 21:31:13 +0000},
	Journal = {The International Astrophysics Series, London: Chapman \& Hall, 1959},
	Title = {Close binary systems},
	Year = {1959}}

@article{rucinski1998eclipsing,
	Author = {Rucinski, Slavek M},
	Date-Added = {2016-06-06 21:28:32 +0000},
	Date-Modified = {2016-06-06 21:28:32 +0000},
	Journal = {The Astronomical Journal},
	Number = {3},
	Pages = {1135},
	Publisher = {IOP Publishing},
	Title = {Eclipsing Binaries in the OGLE Variable Star Catalog. III. Long-Period Contact Systems},
	Volume = {115},
	Year = {1998}}

@article{rasio1995minimum,
	Author = {Rasio, Frederic A},
	Date-Added = {2016-06-06 21:14:48 +0000},
	Date-Modified = {2016-06-06 21:14:48 +0000},
	Journal = {arXiv preprint astro-ph/9502028},
	Title = {The minimum mass ratio of W Ursae Majoris binaries},
	Year = {1995}}

@article{rucinski1998contact,
	Author = {Rucinski, Slavek M},
	Date-Added = {2016-06-06 21:14:32 +0000},
	Date-Modified = {2016-06-06 21:14:32 +0000},
	Journal = {The Astronomical Journal},
	Number = {6},
	Pages = {2998},
	Publisher = {IOP Publishing},
	Title = {Contact Binaries of the Galactic Disk: Comparison of the Baade's Window and Open Cluster Samples},
	Volume = {116},
	Year = {1998}}

@inproceedings{webbink2003contact,
	Author = {Webbink, RF},
	Booktitle = {3D Stellar Evolution},
	Date-Added = {2016-06-06 14:32:37 +0000},
	Date-Modified = {2016-06-06 14:32:37 +0000},
	Pages = {76},
	Title = {Contact Binaries},
	Volume = {293},
	Year = {2003}}

@article{ivanova2013common,
	Author = {Ivanova, N and Justham, S and Chen, X and De Marco, O and Fryer, CL and Gaburov, E and Ge, H and Glebbeek, E and Han, Z and Li, X-D and others},
	Date-Added = {2016-06-06 14:29:07 +0000},
	Date-Modified = {2016-06-06 14:29:07 +0000},
	Journal = {The Astronomy and Astrophysics Review},
	Number = {1},
	Pages = {1--73},
	Publisher = {Springer},
	Title = {Common envelope evolution: where we stand and how we can move forward},
	Volume = {21},
	Year = {2013}}

@book{carroll2006introduction,
	Author = {Carroll, Bradley W and Ostlie, Dale A},
	Date-Added = {2016-06-01 15:19:49 +0000},
	Date-Modified = {2016-06-01 15:19:49 +0000},
	Title = {An introduction to modern astrophysics and cosmology},
	Volume = {1},
	Year = {2006}}

@article{qian2001orbital,
	Author = {Qian, Shengbang},
	Date-Added = {2016-05-26 23:41:10 +0000},
	Date-Modified = {2016-05-26 23:41:10 +0000},
	Journal = {Monthly Notices of the Royal Astronomical Society},
	Number = {3},
	Pages = {914--924},
	Publisher = {Oxford University Press},
	Title = {Orbital period changes of contact binary systems: direct evidence for thermal relaxation oscillation theory},
	Volume = {328},
	Year = {2001}}

@article{lucy1979observational,
	Author = {Lucy, LB and Wilson, RE},
	Date-Added = {2016-05-26 23:30:22 +0000},
	Date-Modified = {2016-05-26 23:30:22 +0000},
	Journal = {The Astrophysical Journal},
	Pages = {502--513},
	Title = {Observational tests of theories of contact binaries},
	Volume = {231},
	Year = {1979}}

@article{kalimeris1994orbital,
	Author = {Kalimeris, A and Rovithis-Livaniou, H and Rovithis, P},
	Date-Added = {2016-05-26 17:01:17 +0000},
	Date-Modified = {2016-05-26 17:01:17 +0000},
	Journal = {Astronomy and Astrophysics},
	Pages = {775--786},
	Title = {On the orbital period changes in contact binaries},
	Volume = {282},
	Year = {1994}}

@article{tutukov2016evolution,
	Author = {Tutukov, AV and Cherepashchuk, AM},
	Date-Added = {2016-05-24 14:37:00 +0000},
	Date-Modified = {2016-05-24 14:37:00 +0000},
	Journal = {Astronomy Reports},
	Number = {5},
	Pages = {461--476},
	Publisher = {Springer},
	Title = {The evolution of close binary stars},
	Volume = {60},
	Year = {2016}}

@article{prsa2008artificial,
	Author = {Prsa, Andrej and Guinan, EF and Devinney, EJ and DeGeorge, M and Bradstreet, DH and Giammarco, JM and Alcock, CR and Engle, SG},
	Date-Added = {2016-05-20 20:45:39 +0000},
	Date-Modified = {2016-05-26 16:33:42 +0000},
	Journal = {The Astrophysical Journal},
	Number = {1},
	Pages = {542},
	Publisher = {IOP Publishing},
	Title = {Artificial Intelligence Approach to the Determination of Physical Properties of Eclipsing Binaries. I. The EBAI Project},
	Volume = {687},
	Year = {2008}}

@article{prsa2009fully,
	Author = {Prsa, A and Guinan, EF and Devinney, EJ and Engle, SG and DeGeorge, M and McCook, GP and Maurone, PA and Pepper, J and James, DJ and Bradstreet, DH and others},
	Date-Added = {2016-05-20 20:45:04 +0000},
	Date-Modified = {2016-05-20 20:45:04 +0000},
	Journal = {arXiv preprint arXiv:0904.0739},
	Title = {Fully Automated Approaches to Analyze Large-Scale Astronomy Survey Data},
	Year = {2009}}

@article{lohr2015orbital,
	Author = {Lohr, ME and Norton, AJ and Payne, SG and West, RG and Wheatley, PJ},
	Date-Added = {2016-05-20 20:34:27 +0000},
	Date-Modified = {2016-05-20 20:34:27 +0000},
	Journal = {arXiv preprint arXiv:1505.00941},
	Title = {Orbital period changes and the higher-order multiplicity fraction amongst SuperWASP eclipsing binaries},
	Year = {2015}}

@article{stepien2001rosat,
	Author = {Stepien, K and Schmitt, JHMM and Voges, W},
	Date-Added = {2016-05-20 20:28:49 +0000},
	Date-Modified = {2016-05-20 20:31:10 +0000},
	Journal = {Astronomy \& Astrophysics},
	Number = {1},
	Pages = {157--169},
	Publisher = {EDP Sciences},
	Title = {ROSAT all-sky survey of W Ursae Majoris stars and the problem of supersaturation},
	Volume = {370},
	Year = {2001}}

@book{balogh2015solar,
	Author = {Balogh, Andr{\'e} and Hudson, Hugh and Petrovay, Krist{\'o}f and Steiger, Rudolf},
	Date-Added = {2016-05-20 20:26:19 +0000},
	Date-Modified = {2016-05-20 20:26:19 +0000},
	Publisher = {Springer},
	Title = {The Solar Activity Cycle: Physical Causes and Consequences},
	Volume = {53},
	Year = {2015}}

@article{kahler2004structure,
	Author = {K{\"a}hler, H},
	Date-Added = {2016-05-20 20:20:13 +0000},
	Date-Modified = {2016-05-20 20:20:13 +0000},
	Journal = {Astronomy \& Astrophysics},
	Number = {1},
	Pages = {317--333},
	Publisher = {EDP Sciences},
	Title = {The structure of contact binaries},
	Volume = {414},
	Year = {2004}}

@article{stepien2008evolutionary,
	Author = {Stepien, K and Gazeas, K},
	Date-Added = {2016-05-20 20:17:29 +0000},
	Date-Modified = {2016-05-20 20:30:56 +0000},
	Journal = {Proceedings of the International Astronomical Union},
	Number = {S252},
	Pages = {427--428},
	Publisher = {Cambridge Univ Press},
	Title = {Evolutionary scenario for W UMa-type stars},
	Volume = {4},
	Year = {2008}}

@article{gazeas2009physical,
	Author = {Gazeas, KD},
	Date-Added = {2016-05-20 20:16:56 +0000},
	Date-Modified = {2016-05-20 20:16:56 +0000},
	Journal = {Communications in Asteroseismology},
	Pages = {129--130},
	Title = {Physical parameters of contact binaries through 2-D and 3-D correlation diagrams},
	Volume = {159},
	Year = {2009}}

@article{gazeas2006masses,
	Author = {Gazeas, KD and Niarchos, PG},
	Date-Added = {2016-05-20 20:12:47 +0000},
	Date-Modified = {2016-05-20 20:12:47 +0000},
	Journal = {Monthly Notices of the Royal Astronomical Society: Letters},
	Number = {1},
	Pages = {L29--L32},
	Publisher = {Oxford University Press},
	Title = {Masses and angular momenta of contact binary stars},
	Volume = {370},
	Year = {2006}}

@article{gazeas2008angular,
	Author = {Gazeas, K and St{\c e}pie{\'n}, K},
	Date-Added = {2016-05-20 20:11:57 +0000},
	Date-Modified = {2016-05-20 20:11:57 +0000},
	Journal = {Monthly Notices of the Royal Astronomical Society},
	Number = {4},
	Pages = {1577--1586},
	Publisher = {Oxford University Press},
	Title = {Angular momentum and mass evolution of contact binaries},
	Volume = {390},
	Year = {2008}}

@article{yildiz2013origin,
	Author = {Yildiz, Mutlu and Do{\u{g}}an, T},
	Date-Added = {2016-05-20 19:59:55 +0000},
	Date-Modified = {2016-05-20 19:59:55 +0000},
	Journal = {Monthly Notices of the Royal Astronomical Society},
	Pages = {stt028},
	Publisher = {Oxford University Press},
	Title = {On the origin of W UMa type contact binaries--a new method for computation of initial masses},
	Year = {2013}}

@article{eggen1967contact,
	Author = {Eggen, Olin J},
	Date-Added = {2016-05-20 17:31:38 +0000},
	Date-Modified = {2016-05-20 17:31:38 +0000},
	Journal = {Memoirs of the Royal Astronomical Society},
	Pages = {111},
	Title = {Contact binaries, II.},
	Volume = {70},
	Year = {1967}}

@article{wilson2001binary,
	Author = {Wilson, RE},
	Date-Added = {2016-05-20 17:26:32 +0000},
	Date-Modified = {2016-05-20 17:26:32 +0000},
	Journal = {Information Bulletin on Variable Stars},
	Title = {Binary Star Morphology and the Name Overcontact},
	Year = {2001}}

@article{terrell2001eclipsing,
	Author = {Terrell, Dirk},
	Date-Added = {2016-05-20 17:22:38 +0000},
	Date-Modified = {2016-05-20 17:22:38 +0000},
	Journal = {Journal of the American Association of Variable Star Observers (JAAVSO)},
	Pages = {1},
	Title = {Eclipsing Binary Stars: Past, Present, and Future},
	Volume = {30},
	Year = {2001}}

@book{bolt2007biographical,
	Author = {Bolt, Marvin and Hockey, Thomas and Palmeri, JoAnn and Trimble, Virginia and Williams, Thomas R and Bracher, Katherine and Jarrell, Richard and March{\'e}, Jordan D and Ragep, F Jamil},
	Date-Added = {2016-05-20 16:08:51 +0000},
	Date-Modified = {2016-05-20 16:08:51 +0000},
	Publisher = {Springer Science \& Business Media},
	Title = {Biographical encyclopedia of astronomers},
	Year = {2007}}

@article{staubermann2000trouble,
	Author = {Staubermann, Klaus},
	Date-Added = {2016-05-20 15:57:15 +0000},
	Date-Modified = {2016-05-20 15:57:15 +0000},
	Journal = {Journal for the History of Astronomy},
	Pages = {323},
	Title = {The trouble with the instrument: Z{\"o}llner's photometer},
	Volume = {31},
	Year = {2000}}

@article{krisciunas2001brief,
	Author = {Krisciunas, Kevin},
	Date-Added = {2016-05-20 15:57:05 +0000},
	Date-Modified = {2016-05-20 15:57:05 +0000},
	Journal = {arXiv preprint astro-ph/0106313},
	Title = {A Brief History of Astronomical Brightness Determination Methods at Optical Wavelengths},
	Year = {2001}}

@article{hilton2010m,
	Author = {Hilton, Eric J and West, Andrew A and Hawley, Suzanne L and Kowalski, Adam F},
	Date-Added = {2016-05-19 23:07:26 +0000},
	Date-Modified = {2016-05-19 23:07:26 +0000},
	Journal = {The Astronomical Journal},
	Number = {5},
	Pages = {1402},
	Publisher = {IOP Publishing},
	Title = {M Dwarf Flares from Time-resolved Sloan Digital Sky Survey Spectra},
	Volume = {140},
	Year = {2010}}

@article{muller1903new,
	Author = {Muller, G and Kempf, P},
	Date-Added = {2016-05-19 23:00:47 +0000},
	Date-Modified = {2016-05-19 23:00:47 +0000},
	Journal = {The Astrophysical Journal},
	Pages = {201--211},
	Title = {A new variable star unusually short period.},
	Volume = {17},
	Year = {1903}}

@article{schlegel1998maps,
	Author = {Schlegel, David J and Finkbeiner, Douglas P and Davis, Marc},
	Date-Added = {2016-05-18 01:03:17 +0000},
	Date-Modified = {2016-05-18 01:03:17 +0000},
	Journal = {The Astrophysical Journal},
	Number = {2},
	Pages = {525},
	Publisher = {IOP Publishing},
	Title = {Maps of dust infrared emission for use in estimation of reddening and cosmic microwave background radiation foregrounds},
	Volume = {500},
	Year = {1998}}

@article{ivezic2007sloan,
	Author = {Ivezi{\'c}, {\v{Z}}eljko and Smith, J Allyn and Miknaitis, Gajus and Lin, Huan and Tucker, Douglas and Lupton, Robert H and Gunn, James E and Knapp, Gillian R and Strauss, Michael A and Sesar, Branimir and others},
	Date-Added = {2016-05-18 01:03:17 +0000},
	Date-Modified = {2016-05-18 01:03:17 +0000},
	Journal = {The Astronomical Journal},
	Number = {3},
	Pages = {973},
	Publisher = {IOP Publishing},
	Title = {Sloan digital sky survey standard star catalog for stripe 82: The dawn of industrial 1\% optical photometry},
	Volume = {134},
	Year = {2007}}

@article{abazajian2009seventh,
	Author = {Abazajian, Kevork N and Adelman-McCarthy, Jennifer K and Ag{\"u}eros, Marcel A and Allam, Sahar S and Prieto, Carlos Allende and An, Deokkeun and Anderson, Kurt SJ and Anderson, Scott F and Annis, James and Bahcall, Neta A and others},
	Date-Added = {2016-05-18 01:03:17 +0000},
	Date-Modified = {2016-05-18 01:03:17 +0000},
	Journal = {The Astrophysical Journal Supplement Series},
	Number = {2},
	Pages = {543},
	Publisher = {IOP Publishing},
	Title = {The seventh data release of the Sloan Digital Sky Survey},
	Volume = {182},
	Year = {2009}}

@article{becker2011periodic,
	Author = {Becker, AC and Bochanski, JJ and Hawley, SL and Ivezi{\'c}, {\v{Z}} and Kowalski, AF and Sesar, B and West, AA},
	Date-Added = {2016-05-18 01:03:17 +0000},
	Date-Modified = {2016-05-18 01:03:17 +0000},
	Journal = {The Astrophysical Journal},
	Number = {1},
	Pages = {17},
	Publisher = {IOP Publishing},
	Title = {Periodic Variability of Low-mass Stars in Sloan Digital Sky Survey Stripe 82},
	Volume = {731},
	Year = {2011}}

@article{ahn2014tenth,
	Author = {Ahn, Christopher P and Alexandroff, Rachael and Prieto, Carlos Allende and Anders, Friedrich and Anderson, Scott F and Anderton, Timothy and Andrews, Brett H and Aubourg, {\'E}ric and Bailey, Stephen and Bastien, Fabienne A and others},
	Date-Added = {2016-05-18 01:00:07 +0000},
	Date-Modified = {2016-05-18 01:00:07 +0000},
	Journal = {The Astrophysical Journal Supplement Series},
	Number = {2},
	Pages = {17},
	Publisher = {IOP Publishing},
	Title = {The Tenth Data Release of the Sloan Digital Sky Survey: First Spectroscopic Data from the SDSS-III Apache Point Observatory Galactic Evolution Experiment},
	Volume = {211},
	Year = {2014}}

@article{akerlof2000rotse,
	Author = {Akerlof, C and Amrose, S and Balsano, R and Bloch, J and Casperson, D and Fletcher, S and Gisler, G and Hills, J and Kehoe, R and Lee, B and others},
	Date-Added = {2016-05-18 01:00:07 +0000},
	Date-Modified = {2016-05-18 01:00:07 +0000},
	Journal = {The Astronomical Journal},
	Number = {4},
	Pages = {1901},
	Publisher = {IOP Publishing},
	Title = {Rotse all-sky surveys for variable stars. I. Test fields},
	Volume = {119},
	Year = {2000}}

@article{andronov2006mergers,
	Author = {Andronov, N and Pinsonneault, MH and Terndrup, DM},
	Date-Added = {2016-05-18 01:00:07 +0000},
	Date-Modified = {2016-05-18 01:00:07 +0000},
	Journal = {The Astrophysical Journal},
	Number = {2},
	Pages = {1160},
	Publisher = {IOP Publishing},
	Title = {Mergers of close primordial binaries},
	Volume = {646},
	Year = {2006}}

@article{applegate1987magnetic,
	Author = {Applegate, James H and Patterson, Joseph},
	Date-Added = {2016-05-18 01:00:07 +0000},
	Date-Modified = {2016-05-18 01:00:07 +0000},
	Journal = {The Astrophysical Journal},
	Pages = {L99--L102},
	Title = {Magnetic activity, tides, and orbital period changes in close binaries},
	Volume = {322},
	Year = {1987}}

@article{applegate1992mechanism,
	Author = {Applegate, James H},
	Date-Added = {2016-05-18 01:00:07 +0000},
	Date-Modified = {2016-05-18 01:00:07 +0000},
	Journal = {The Astrophysical Journal},
	Pages = {621--629},
	Title = {A mechanism for orbital period modulation in close binaries},
	Volume = {385},
	Year = {1992},
	Bdsk-File-1 = {YnBsaXN0MDDUAQIDBAUGJCVYJHZlcnNpb25YJG9iamVjdHNZJGFyY2hpdmVyVCR0b3ASAAGGoKgHCBMUFRYaIVUkbnVsbNMJCgsMDxJXTlMua2V5c1pOUy5vYmplY3RzViRjbGFzc6INDoACgAOiEBGABIAFgAdccmVsYXRpdmVQYXRoWWFsaWFzRGF0YV8QMy4uL0Ryb3Bib3gvc3VyZl9saXRlcmF0dXJlL21vY2huYWNraTE5ODFjb250YWN0LmJpYtIXCxgZV05TLmRhdGFPEQHSAAAAAAHSAAIAAAxNYWNpbnRvc2ggSEQAAAAAAAAAAAAAAAAAAADNZKhqSCsAAAEasngYbW9jaG5hY2tpMTk4MWNvbnRhY3QuYmliAAAAAAAAAAAAAAAAAAAAAAAAAAAAAAAAAAAAAAAAAAAAAAAAAAAAARq7r9E+DvsAAAAAAAAAAAABAAMAAAkgAAAAAAAAAAAAAAAAAAAAD3N1cmZfbGl0ZXJhdHVyZQAAEAAIAADNZQraAAAAEQAIAADRPnFrAAAAAQAQARqyeACYFUwABcR0AAIQ6QACAFBNYWNpbnRvc2ggSEQ6VXNlcnM6AEZyYW5rbGluOgBEcm9wYm94OgBzdXJmX2xpdGVyYXR1cmU6AG1vY2huYWNraTE5ODFjb250YWN0LmJpYgAOADIAGABtAG8AYwBoAG4AYQBjAGsAaQAxADkAOAAxAGMAbwBuAHQAYQBjAHQALgBiAGkAYgAPABoADABNAGEAYwBpAG4AdABvAHMAaAAgAEgARAASAD9Vc2Vycy9GcmFua2xpbi9Ecm9wYm94L3N1cmZfbGl0ZXJhdHVyZS9tb2NobmFja2kxOTgxY29udGFjdC5iaWIAABMAAS8AABUAAgAP//8AAIAG0hscHR5aJGNsYXNzbmFtZVgkY2xhc3Nlc11OU011dGFibGVEYXRhox0fIFZOU0RhdGFYTlNPYmplY3TSGxwiI1xOU0RpY3Rpb25hcnmiIiBfEA9OU0tleWVkQXJjaGl2ZXLRJidUcm9vdIABAAgAEQAaACMALQAyADcAQABGAE0AVQBgAGcAagBsAG4AcQBzAHUAdwCEAI4AxADJANECpwKpAq4CuQLCAtAC1ALbAuQC6QL2AvkDCwMOAxMAAAAAAAACAQAAAAAAAAAoAAAAAAAAAAAAAAAAAAADFQ==}}

@article{balaji2015tracking,
	Author = {Balaji, Bhaskaran and Croll, Bryce and Levine, Alan M and Rappaport, Saul},
	Date-Added = {2016-05-18 01:00:07 +0000},
	Date-Modified = {2016-05-18 01:00:07 +0000},
	Journal = {Monthly Notices of the Royal Astronomical Society},
	Number = {1},
	Pages = {429--444},
	Publisher = {Oxford University Press},
	Title = {Tracking the stellar longitudes of starspots in short-period Kepler binaries},
	Volume = {448},
	Year = {2015}}

@article{barnes2004high,
	Author = {Barnes, JR and Lister, TA and Hilditch, RW and Cameron, A Collier},
	Date-Added = {2016-05-18 01:00:07 +0000},
	Date-Modified = {2016-05-18 01:00:07 +0000},
	Journal = {Monthly Notices of the Royal Astronomical Society},
	Number = {4},
	Pages = {1321--1331},
	Publisher = {Oxford University Press},
	Title = {High-resolution Doppler images of the spotted contact binary AE Phe},
	Volume = {348},
	Year = {2004}}

@article{berdyugina2005starspots,
	Author = {Berdyugina, Svetlana V},
	Date-Added = {2016-05-18 01:00:07 +0000},
	Date-Modified = {2016-05-18 01:00:07 +0000},
	Journal = {Living Rev. Solar Phys.},
	Pages = {8},
	Title = {Starspots: a key to the stellar dynamo},
	Volume = {2},
	Year = {2005}}

@article{borkovits2005indirect,
	Author = {Borkovits, T and Elkhateeb, MM and Csizmadia, Sz and Nuspl, J and Bir{\'o}, IB and Heged{\"u}s, T and Csorv{\'a}si, R},
	Date-Added = {2016-05-18 01:00:07 +0000},
	Date-Modified = {2016-05-18 01:00:07 +0000},
	Journal = {Astronomy \& Astrophysics},
	Number = {3},
	Pages = {1087--1097},
	Publisher = {EDP Sciences},
	Title = {Indirect evidence for short period magnetic cycles in W UMa stars-Period analysis of five overcontact systems},
	Volume = {441},
	Year = {2005}}

@article{davidge1984study,
	Author = {Davidge, TJ and Milone, EF},
	Date-Added = {2016-05-18 01:00:07 +0000},
	Date-Modified = {2016-05-18 01:00:07 +0000},
	Journal = {The Astrophysical Journal Supplement Series},
	Pages = {571--584},
	Title = {A study of the O'Connell effect in the light curves of eclipsing binaries},
	Volume = {55},
	Year = {1984}}

@article{devor2008identification,
	Author = {Devor, Jonathan and Charbonneau, David and O'Donovan, Francis T and Mandushev, Georgi and Torres, Guillermo},
	Date-Added = {2016-05-18 01:00:07 +0000},
	Date-Modified = {2016-05-18 01:00:07 +0000},
	Journal = {The Astronomical Journal},
	Number = {3},
	Pages = {850},
	Publisher = {IOP Publishing},
	Title = {Identification, classifications, and absolute properties of 773 eclipsing binaries found in the Trans-Atlantic Exoplanet Survey},
	Volume = {135},
	Year = {2008}}

@article{drake2006chromospherically,
	Author = {Drake, AJ},
	Date-Added = {2016-05-18 01:00:07 +0000},
	Date-Modified = {2016-05-18 01:00:07 +0000},
	Journal = {The Astronomical Journal},
	Number = {2},
	Pages = {1044},
	Publisher = {IOP Publishing},
	Title = {Chromospherically Active Stars in the Galactic Bulge},
	Volume = {131},
	Year = {2006}}

@article{drake2009first,
	Author = {Drake, AJ and Djorgovski, SG and Mahabal, A and Beshore, E and Larson, S and Graham, MJ and Williams, R and Christensen, E and Catelan, M and Boattini, A and others},
	Date-Added = {2016-05-18 01:00:07 +0000},
	Date-Modified = {2016-05-18 01:00:07 +0000},
	Journal = {The Astrophysical Journal},
	Number = {1},
	Pages = {870},
	Publisher = {IOP Publishing},
	Title = {First results from the Catalina real-time transient survey},
	Volume = {696},
	Year = {2009}}

@article{drake2014catalina,
	Author = {Drake, AJ and Graham, MJ and Djorgovski, SG and Catelan, M and Mahabal, AA and Torrealba, G and Garc{\'\i}a-{\'A}lvarez, D and Donalek, C and Prieto, JL and Williams, R and others},
	Date-Added = {2016-05-18 01:00:07 +0000},
	Date-Modified = {2016-05-18 01:00:07 +0000},
	Journal = {The Astrophysical Journal Supplement Series},
	Number = {1},
	Pages = {9},
	Publisher = {IOP Publishing},
	Title = {The Catalina Surveys Periodic Variable Star Catalog},
	Volume = {213},
	Year = {2014}}

@article{drake2014ultra,
	Author = {Drake, AJ and Djorgovski, SG and Garc{\'\i}a-{\'A}lvarez, D and Graham, MJ and Catelan, M and Mahabal, AA and Donalek, C and Prieto, JL and Torrealba, G and Abraham, S and others},
	Date-Added = {2016-05-18 01:00:07 +0000},
	Date-Modified = {2016-05-18 01:00:07 +0000},
	Journal = {The Astrophysical Journal},
	Number = {2},
	Pages = {157},
	Publisher = {IOP Publishing},
	Title = {Ultra-short Period Binaries from the Catalina Surveys},
	Volume = {790},
	Year = {2014}}

@article{fukugita2011characterization,
	Author = {Fukugita, Masataka and Yasuda, Naoki and Doi, Mamoru and Gunn, James E and York, Donald G},
	Date-Added = {2016-05-18 01:00:07 +0000},
	Date-Modified = {2016-05-18 01:00:07 +0000},
	Journal = {The Astronomical Journal},
	Number = {2},
	Pages = {47},
	Publisher = {IOP Publishing},
	Title = {Characterization of Sloan Digital Sky Survey Stellar Photometry},
	Volume = {141},
	Year = {2011}}

@article{green2015three,
	Author = {Green, Gregory M and Schlafly, Edward F and Finkbeiner, Douglas P and Rix, Hans-Walter and Martin, Nicolas and Burgett, William and Draper, Peter W and Flewelling, Heather and Hodapp, Klaus and Kaiser, Nicholas and others},
	Date-Added = {2016-05-18 01:00:07 +0000},
	Date-Modified = {2016-05-18 01:00:07 +0000},
	Journal = {The Astrophysical Journal},
	Number = {1},
	Pages = {25},
	Publisher = {IOP Publishing},
	Title = {A Three-dimensional Map of Milky Way Dust},
	Volume = {810},
	Year = {2015}}

@article{hendry2000doppler,
	Author = {Hendry, Paul D and Mochnacki, Stefan W},
	Date-Added = {2016-05-18 01:00:07 +0000},
	Date-Modified = {2016-05-18 01:00:07 +0000},
	Journal = {The Astrophysical Journal},
	Number = {1},
	Pages = {467},
	Publisher = {IOP Publishing},
	Title = {Doppler imaging of VW Cephei: distribution and evolution of starspots on a contact binary},
	Volume = {531},
	Year = {2000}}

@article{horne1986prescription,
	Author = {Horne, James H and Baliunas, Sallie L},
	Date-Added = {2016-05-18 01:00:07 +0000},
	Date-Modified = {2016-05-18 01:00:07 +0000},
	Journal = {The Astrophysical Journal},
	Pages = {757--763},
	Title = {A prescription for period analysis of unevenly sampled time series},
	Volume = {302},
	Year = {1986}}

@article{hovatta2014connection,
	Author = {Hovatta, T and Pavlidou, V and King, OG and Mahabal, A and Sesar, B and Dancikova, R and Djorgovski, SG and Drake, A and Laher, R and Levitan, D and others},
	Date-Added = {2016-05-18 01:00:07 +0000},
	Date-Modified = {2016-05-18 01:00:07 +0000},
	Journal = {Monthly Notices of the Royal Astronomical Society},
	Pages = {stt2494},
	Publisher = {Oxford University Press},
	Title = {Connection between optical and $\gamma$-ray variability in blazars},
	Year = {2014}}

@article{ivezic2008lsst,
	Author = {Ivezic, Zeljko and Tyson, JA and Abel, B and Acosta, E and Allsman, R and AlSayyad, Y and Anderson, SF and Andrew, J and Angel, R and Angeli, G and others},
	Date-Added = {2016-05-18 01:00:07 +0000},
	Date-Modified = {2016-05-18 01:00:07 +0000},
	Journal = {arXiv preprint arXiv:0805.2366},
	Title = {LSST: from science drivers to reference design and anticipated data products},
	Year = {2008}}

@article{ivezic2008milky,
	Author = {Ivezi{\'c}, {\v{Z}}eljko and Sesar, Branimir and Juri{\'c}, Mario and Bond, Nicholas and Dalcanton, Julianne and Rockosi, Constance M and Yanny, Brian and Newberg, Heidi J and Beers, Timothy C and Prieto, Carlos Allende and others},
	Date-Added = {2016-05-18 01:00:07 +0000},
	Date-Modified = {2016-05-18 01:00:07 +0000},
	Journal = {The Astrophysical Journal},
	Number = {1},
	Pages = {287},
	Publisher = {IOP Publishing},
	Title = {The Milky Way Tomography with SDSS. II. Stellar Metallicity},
	Volume = {684},
	Year = {2008}}

@article{jester2005sloan,
	Author = {Jester, Sebastian and Schneider, Donald P and Richards, Gordon T and Green, Richard F and Schmidt, Maarten and Hall, Patrick B and Strauss, Michael A and Berk, Daniel E Vanden and Stoughton, Chris and Gunn, James E and others},
	Date-Added = {2016-05-18 01:00:07 +0000},
	Date-Modified = {2016-05-18 01:00:07 +0000},
	Journal = {The Astronomical Journal},
	Number = {3},
	Pages = {873},
	Publisher = {IOP Publishing},
	Title = {The sloan digital sky survey view of the palomar-green bright quasar survey},
	Volume = {130},
	Year = {2005}}

@article{juric2012lsd,
	Author = {Juric, Mario},
	Date-Added = {2016-05-18 01:00:07 +0000},
	Date-Modified = {2016-05-18 01:00:07 +0000},
	Journal = {Astrophysics Source Code Library},
	Pages = {09003},
	Title = {LSD: Large Survey Database framework},
	Volume = {1},
	Year = {2012}}

@inproceedings{kaiser2010pan,
	Author = {Kaiser, Nick and Burgett, William and Chambers, Ken and Denneau, Larry and Heasley, Jim and Jedicke, Robert and Magnier, Eugene and Morgan, Jeff and Onaka, Peter and Tonry, John},
	Booktitle = {SPIE Astronomical Telescopes+ Instrumentation},
	Date-Added = {2016-05-18 01:00:07 +0000},
	Date-Modified = {2016-05-18 01:00:07 +0000},
	Organization = {International Society for Optics and Photonics},
	Pages = {77330E--77330E},
	Title = {The Pan-STARRS wide-field optical/NIR imaging survey},
	Year = {2010}}

@article{kalimeris2002starspots,
	Author = {Kalimeris, A and Rovithis-Livaniou, H and Rovithis, P},
	Date-Added = {2016-05-18 01:00:07 +0000},
	Date-Modified = {2016-05-18 01:00:07 +0000},
	Journal = {Astronomy \& Astrophysics},
	Number = {3},
	Pages = {969--976},
	Publisher = {EDP Sciences},
	Title = {Starspots and photometric noise on observed minus calculated (O--C) diagrams},
	Volume = {387},
	Year = {2002}}

@article{kallrath1999modeling,
	Author = {Kallrath, J and Milone, EF},
	Date-Added = {2016-05-18 01:00:07 +0000},
	Date-Modified = {2016-05-18 01:00:07 +0000},
	Journal = {New Your: Springer-Velag},
	Title = {Modeling and Analysis of Eclipsing Binary Observations},
	Year = {1999}}

@article{kaszas1998period,
	Author = {Kasz{\'a}s, G and Vink{\'o}, J and Szatm{\'a}ry, K and Hegedus, T and Gal, J and Kiss, LL and Borkovits, T},
	Date-Added = {2016-05-18 01:00:07 +0000},
	Date-Modified = {2016-05-18 01:00:07 +0000},
	Journal = {Astronomy and Astrophysics},
	Pages = {231--243},
	Title = {Period variation and surface activity of the contact binary VW Cephei},
	Volume = {331},
	Year = {1998}}

@book{kippenhahn1990stellar,
	Author = {Kippenhahn, Rudolf and Weigert, Alfred and Weiss, Achim},
	Date-Added = {2016-05-18 01:00:07 +0000},
	Date-Modified = {2016-05-18 01:00:07 +0000},
	Publisher = {Springer},
	Title = {Stellar structure and evolution},
	Volume = {44},
	Year = {1990}}

@article{kubiak2006period,
	Author = {Kubiak, M and Udalski, A and Szymanski, MK},
	Date-Added = {2016-05-18 01:00:07 +0000},
	Date-Modified = {2016-05-18 01:00:07 +0000},
	Journal = {Acta Astronomica},
	Pages = {253--265},
	Title = {Period Changes of Contact Binaries in OGLE Database},
	Volume = {56},
	Year = {2006}}

@article{lanza2006internal,
	Author = {Lanza, Antonino F},
	Date-Added = {2016-05-18 01:00:07 +0000},
	Date-Modified = {2016-05-18 01:00:07 +0000},
	Journal = {Monthly Notices of the Royal Astronomical Society},
	Number = {4},
	Pages = {1773--1779},
	Publisher = {Oxford University Press},
	Title = {Internal stellar rotation and orbital period modulation in close binary systems},
	Volume = {369},
	Year = {2006}}

@article{law2009palomar,
	Author = {Law, Nicholas M and Kulkarni, Shrinivas R and Dekany, Richard G and Ofek, Eran O and Quimby, Robert M and Nugent, Peter E and Surace, Jason and Grillmair, Carl C and Bloom, Joshua S and Kasliwal, Mansi M and others},
	Date-Added = {2016-05-18 01:00:07 +0000},
	Date-Modified = {2016-05-18 01:00:07 +0000},
	Journal = {Publications of the Astronomical Society of the Pacific},
	Number = {886},
	Pages = {1395--1408},
	Publisher = {JSTOR},
	Title = {The Palomar Transient Factory: system overview, performance, and first results},
	Volume = {121},
	Year = {2009}}

@article{lee2004period,
	Author = {Lee, Jae Woo and Kim, Chun-Hwey and Han, Wonyong and Kim, Ho-Il and Koch, Robert H},
	Date-Added = {2016-05-18 01:00:07 +0000},
	Date-Modified = {2016-05-18 01:00:07 +0000},
	Journal = {Monthly Notices of the Royal Astronomical Society},
	Number = {3},
	Pages = {1041--1055},
	Publisher = {Oxford University Press},
	Title = {Period and light variations for the cool, overcontact binary BX Pegasi},
	Volume = {352},
	Year = {2004}}

@article{lee2015properties,
	Author = {Lee, Chien-Hsiu},
	Date-Added = {2016-05-18 01:00:07 +0000},
	Date-Modified = {2016-05-18 01:00:07 +0000},
	Journal = {Monthly Notices of the Royal Astronomical Society},
	Number = {3},
	Pages = {2946--2953},
	Publisher = {Oxford University Press},
	Title = {Properties of eclipsing binaries from all-sky surveys--II. Detached eclipsing binaries in Catalina Sky Surveys},
	Volume = {454},
	Year = {2015}}

@article{liu2003possible,
	Author = {Liu, Qing-Yao and Yang, Yu-Lan},
	Date-Added = {2016-05-18 01:00:07 +0000},
	Date-Modified = {2016-05-18 01:00:07 +0000},
	Journal = {Chinese Journal of Astronomy and Astrophysics},
	Number = {2},
	Pages = {142},
	Publisher = {IOP Publishing},
	Title = {A Possible Explanation of the O'Connell Effect in Close Binary Stars},
	Volume = {3},
	Year = {2003}}

@article{lohr2012period,
	Author = {Lohr, ME and Norton, AJ and Kolb, UC and Anderson, DR and Faedi, Francesca and West, Richard G},
	Date-Added = {2016-05-18 01:00:07 +0000},
	Date-Modified = {2016-05-18 01:00:07 +0000},
	Journal = {Astronomy \& Astrophysics},
	Pages = {A124},
	Publisher = {EDP Sciences},
	Title = {Period decrease in three SuperWASP eclipsing binary candidates near the short-period limit},
	Volume = {542},
	Year = {2012}}

@article{lucy1968light,
	Author = {Lucy, LB},
	Date-Added = {2016-05-18 01:00:07 +0000},
	Date-Modified = {2016-05-18 01:00:07 +0000},
	Journal = {The Astrophysical Journal},
	Pages = {877},
	Title = {The Light Curves of W Ursae Majoris Stars},
	Volume = {153},
	Year = {1968}}

@article{lucy1968structure,
	Author = {Lucy, LB},
	Date-Added = {2016-05-18 01:00:07 +0000},
	Date-Modified = {2016-05-18 01:00:07 +0000},
	Journal = {The Astrophysical Journal},
	Pages = {1123},
	Title = {The structure of contact binaries},
	Volume = {151},
	Year = {1968}}

@article{norton2011short,
	Author = {Norton, Andrew J and Payne, SG and Evans, T and West, Richard G and Wheatley, Peter J and Anderson, DR and Barros, SCC and Butters, OW and Cameron, A Collier and Christian, Damian Joseph and others},
	Date-Added = {2016-05-18 01:00:07 +0000},
	Date-Modified = {2016-05-18 01:00:07 +0000},
	Journal = {Astronomy \& Astrophysics},
	Pages = {A90},
	Publisher = {EDP Sciences},
	Title = {Short period eclipsing binary candidates identified using SuperWASP},
	Volume = {528},
	Year = {2011}}

@article{o1951so,
	Author = {O'Connell, DJK},
	Date-Added = {2016-05-18 01:00:07 +0000},
	Date-Modified = {2016-05-18 01:00:07 +0000},
	Journal = {Publications of the Riverview College Observatory},
	Pages = {85--100},
	Title = {The so-called periastron effect in close eclipsing binaries; New variable stars (fifth list)},
	Volume = {2},
	Year = {1951}}

@article{palaversa2013exploring,
	Author = {Palaversa, Lovro and Ivezi{\'c}, {\v{Z}}eljko and Eyer, Laurent and Ru{\v{z}}djak, Domagoj and Sudar, Davor and Galin, Mario and Kroflin, Andrea and Mesari{\'c}, Martina and Munk, Petra and Vrbanec, Dijana and others},
	Date-Added = {2016-05-18 01:00:07 +0000},
	Date-Modified = {2016-05-18 01:00:07 +0000},
	Journal = {The Astronomical Journal},
	Number = {4},
	Pages = {101},
	Publisher = {IOP Publishing},
	Title = {Exploring the Variable Sky with LINEAR. III. Classification of Periodic Light Curves},
	Volume = {146},
	Year = {2013}}

@article{paxton2015modules,
	Author = {Paxton, Bill and Marchant, Pablo and Schwab, Josiah and Bauer, Evan B and Bildsten, Lars and Cantiello, Matteo and Dessart, Luc and Farmer, R and Hu, H and Langer, N and others},
	Date-Added = {2016-05-18 01:00:07 +0000},
	Date-Modified = {2016-05-18 01:00:07 +0000},
	Journal = {arXiv preprint arXiv:1506.03146},
	Title = {Modules for Experiments in Stellar Astrophysics (MESA): Binaries, Pulsations, and Explosions},
	Year = {2015}}

@article{pilecki2007asas,
	Author = {Pilecki, B and Fabrycky, D and Poleski, R},
	Date-Added = {2016-05-18 01:00:07 +0000},
	Date-Modified = {2016-05-18 01:00:07 +0000},
	Journal = {arXiv preprint astro-ph/0703705},
	Title = {ASAS Eclipsing Binaries with Observed High Period Change Rates},
	Year = {2007}}

@article{pojmanski2000all,
	Author = {Pojmanski, G},
	Date-Added = {2016-05-18 01:00:07 +0000},
	Date-Modified = {2016-05-18 01:00:07 +0000},
	Journal = {Acta Astronomica},
	Pages = {177--190},
	Title = {The All Sky Automated Survey. Catalog of about 3800 Variable Stars},
	Volume = {50},
	Year = {2000}}

@article{qian2000possible,
	Author = {Shengbang, Qian and Qingyao, Liu},
	Date-Added = {2016-05-18 01:00:07 +0000},
	Date-Modified = {2016-05-18 01:00:07 +0000},
	Journal = {Astrophysics and Space Science},
	Number = {4},
	Pages = {331--339},
	Publisher = {Springer},
	Title = {A Possible Connection Between the Variation of Light Curve and theChange of the Orbital Period in the Contact Binary CK Bootis},
	Volume = {271},
	Year = {2000}}

@article{qian2001possible,
	Author = {Qian, Shengbang},
	Date-Added = {2016-05-18 01:00:07 +0000},
	Date-Modified = {2016-05-18 01:00:07 +0000},
	Journal = {Monthly Notices of the Royal Astronomical Society},
	Number = {2},
	Pages = {635--644},
	Publisher = {Oxford University Press},
	Title = {A possible relation between the period change and the mass ratio for W-type contact binaries},
	Volume = {328},
	Year = {2001}}

@article{qian2007ad,
	Author = {Qian, S-B and Yuan, J-Z and Soonthornthum, B and Zhu, L-Y and He, J-J and Yang, Y-G},
	Date-Added = {2016-05-18 01:00:07 +0000},
	Date-Modified = {2016-05-18 01:00:07 +0000},
	Journal = {The Astrophysical Journal},
	Number = {1},
	Pages = {811},
	Publisher = {IOP Publishing},
	Title = {AD Cancri: A shallow contact solar-type eclipsing binary and evidence for a dwarf third component and a 16 year magnetic cycle},
	Volume = {671},
	Year = {2007}}

@article{qian2014optical,
	Author = {Qian, S-B and Wang, J-J and Zhu, L-Y and Snoonthornthum, B and Wang, L-Z and Zhao, EG and Zhou, X and Liao, W-P and Liu, N-P},
	Date-Added = {2016-05-18 01:00:07 +0000},
	Date-Modified = {2016-05-18 01:00:07 +0000},
	Journal = {The Astrophysical Journal Supplement Series},
	Number = {1},
	Pages = {4},
	Publisher = {IOP Publishing},
	Title = {Optical Flares and a Long-lived Dark Spot on a Cool Shallow Contact Binary},
	Volume = {212},
	Year = {2014}}

@article{rubenstein2001effect,
	Author = {Rubenstein, Eric P},
	Date-Added = {2016-05-18 01:00:07 +0000},
	Date-Modified = {2016-05-18 01:00:07 +0000},
	Journal = {The Astronomical Journal},
	Number = {6},
	Pages = {3219},
	Publisher = {IOP Publishing},
	Title = {The Effect of Stellar Evolution on Population II Contact Binaries in the Period-Color Relation. I. Equal-Mass, Marginal Contact Systems},
	Volume = {121},
	Year = {2001},
	Bdsk-File-1 = {YnBsaXN0MDDUAQIDBAUGJCVYJHZlcnNpb25YJG9iamVjdHNZJGFyY2hpdmVyVCR0b3ASAAGGoKgHCBMUFRYaIVUkbnVsbNMJCgsMDxJXTlMua2V5c1pOUy5vYmplY3RzViRjbGFzc6INDoACgAOiEBGABIAFgAdccmVsYXRpdmVQYXRoWWFsaWFzRGF0YV8QNC4uL0Rlc2t0b3AvU1VSRi9saXRlcmF0dXJlX3NlYXJjaC9jb2tlcjIwMTNzdHVkeS5iaWLSFwsYGVdOUy5kYXRhTxEBzgAAAAABzgACAAAMTWFjaW50b3NoIEhEAAAAAAAAAAAAAAAAAAAAzWSoakgrAAABFCKIEmNva2VyMjAxM3N0dWR5LmJpYgAAAAAAAAAAAAAAAAAAAAAAAAAAAAAAAAAAAAAAAAAAAAAAAAAAAAAAAAAAAAJcGw/Tjy5oAAAAAAAAAAAAAQAEAAAJIAAAAAAAAAAAAAAAAAAAABFsaXRlcmF0dXJlX3NlYXJjaAAAEAAIAADNZQraAAAAEQAIAADTj5DYAAAAAQAUARQiiADsqYMABcTiAAXEdAACEOkAAgBSTWFjaW50b3NoIEhEOlVzZXJzOgBGcmFua2xpbjoARGVza3RvcDoAU1VSRjoAbGl0ZXJhdHVyZV9zZWFyY2g6AGNva2VyMjAxM3N0dWR5LmJpYgAOACYAEgBjAG8AawBlAHIAMgAwADEAMwBzAHQAdQBkAHkALgBiAGkAYgAPABoADABNAGEAYwBpAG4AdABvAHMAaAAgAEgARAASAEBVc2Vycy9GcmFua2xpbi9EZXNrdG9wL1NVUkYvbGl0ZXJhdHVyZV9zZWFyY2gvY29rZXIyMDEzc3R1ZHkuYmliABMAAS8AABUAAgAP//8AAIAG0hscHR5aJGNsYXNzbmFtZVgkY2xhc3Nlc11OU011dGFibGVEYXRhox0fIFZOU0RhdGFYTlNPYmplY3TSGxwiI1xOU0RpY3Rpb25hcnmiIiBfEA9OU0tleWVkQXJjaGl2ZXLRJidUcm9vdIABAAgAEQAaACMALQAyADcAQABGAE0AVQBgAGcAagBsAG4AcQBzAHUAdwCEAI4AxQDKANICpAKmAqsCtgK/As0C0QLYAuEC5gLzAvYDCAMLAxAAAAAAAAACAQAAAAAAAAAoAAAAAAAAAAAAAAAAAAADEg==}}

@article{rucinski1992can,
	Author = {Rucinski, SM},
	Date-Added = {2016-05-18 01:00:07 +0000},
	Date-Modified = {2016-05-18 01:00:07 +0000},
	Journal = {The Astronomical Journal},
	Pages = {960--966},
	Title = {Can full convection explain the observed short-period limit of the W UMa-type binaries?},
	Volume = {103},
	Year = {1992}}

@article{rucinski1996eclipsing,
	Author = {Rucinski, Slavek M},
	Date-Added = {2016-05-18 01:00:07 +0000},
	Date-Modified = {2016-05-18 01:00:07 +0000},
	Journal = {arXiv preprint astro-ph/9611158},
	Title = {Eclipsing Binaries in the OGLE Variable Star Catalog. II. Light Curves of the W UMA-Type Systems in Baade's Window},
	Year = {1996}}

@inproceedings{rucinski1997absolute,
	Author = {Rucinski, Slavek M and Duerbeck, Hilmar W},
	Booktitle = {Hipparcos-Venice'97},
	Date-Added = {2016-05-18 01:00:07 +0000},
	Date-Modified = {2016-05-18 01:00:07 +0000},
	Pages = {457--460},
	Title = {Absolute Magnitude Calibration for the W UMa-type Contact Binary Stars},
	Volume = {402},
	Year = {1997}}

@article{rucinski2006luminosity,
	Author = {Rucinski, Slavek M},
	Date-Added = {2016-05-18 01:00:07 +0000},
	Date-Modified = {2016-05-18 01:00:07 +0000},
	Journal = {Monthly Notices of the Royal Astronomical Society},
	Number = {3},
	Pages = {1319--1322},
	Publisher = {Oxford University Press},
	Title = {Luminosity function of contact binaries based on the All Sky Automated Survey (ASAS)},
	Volume = {368},
	Year = {2006}}

@article{rucinski2007short,
	Author = {Rucinski, Slavek M},
	Date-Added = {2016-05-18 01:00:07 +0000},
	Date-Modified = {2016-05-18 01:00:07 +0000},
	Journal = {Monthly Notices of the Royal Astronomical Society},
	Number = {1},
	Pages = {393--396},
	Publisher = {Oxford University Press},
	Title = {The short-period end of the contact binary period distribution based on the All-Sky Automated Survey},
	Volume = {382},
	Year = {2007}}

@article{scargle1982studies,
	Author = {Scargle, Jeffrey D},
	Date-Added = {2016-05-18 01:00:07 +0000},
	Date-Modified = {2016-05-18 01:00:07 +0000},
	Journal = {The Astrophysical Journal},
	Pages = {835--853},
	Title = {Studies in astronomical time series analysis. II-Statistical aspects of spectral analysis of unevenly spaced data},
	Volume = {263},
	Year = {1982}}

@article{schlafly2011measuring,
	Author = {Schlafly, Edward F and Finkbeiner, Douglas P},
	Date-Added = {2016-05-18 01:00:07 +0000},
	Date-Modified = {2016-05-18 01:00:07 +0000},
	Journal = {The Astrophysical Journal},
	Number = {2},
	Pages = {103},
	Publisher = {IOP Publishing},
	Title = {Measuring reddening with Sloan Digital Sky Survey stellar spectra and recalibrating SFD},
	Volume = {737},
	Year = {2011}}

@article{schwarz1978estimating,
	Author = {Schwarz, Gideon and others},
	Date-Added = {2016-05-18 01:00:07 +0000},
	Date-Modified = {2016-05-18 01:00:07 +0000},
	Journal = {The annals of statistics},
	Number = {2},
	Pages = {461--464},
	Publisher = {Institute of Mathematical Statistics},
	Title = {Estimating the dimension of a model},
	Volume = {6},
	Year = {1978}}

@inproceedings{smith2014zwicky,
	Author = {Smith, Roger M and Dekany, Richard G and Bebek, Christopher and Bellm, Eric and Bui, Khanh and Cromer, John and Gardner, Paul and Hoff, Matthew and Kaye, Stephen and Kulkarni, Shrinivas and others},
	Booktitle = {SPIE Astronomical Telescopes+ Instrumentation},
	Date-Added = {2016-05-18 01:00:07 +0000},
	Date-Modified = {2016-05-18 01:00:07 +0000},
	Organization = {International Society for Optics and Photonics},
	Pages = {914779--914779},
	Title = {The Zwicky transient facility observing system},
	Year = {2014}}

@article{tran2013anticorrelated,
	Author = {Tran, K and Levine, A and Rappaport, S and Borkovits, T and Csizmadia, Sz and Kalomeni, B},
	Date-Added = {2016-05-18 01:00:07 +0000},
	Date-Modified = {2016-05-18 01:00:07 +0000},
	Journal = {The Astrophysical Journal},
	Number = {1},
	Pages = {81},
	Publisher = {IOP Publishing},
	Title = {The Anticorrelated Nature of the Primary and Secondary Eclipse Timing Variations for the Kepler Contact Binaries},
	Volume = {774},
	Year = {2013}}

@article{tylenda2011v1309,
	Author = {Tylenda, R and Hajduk, M and Kami{\'n}ski, T and Udalski, A and Soszy{\'n}ski, I and Szyma{\'n}ski, MK and Kubiak, M and Pietrzy{\'n}ski, G and Poleski, R and Ulaczyk, K and others},
	Date-Added = {2016-05-18 01:00:07 +0000},
	Date-Modified = {2016-05-18 01:00:07 +0000},
	Journal = {Astronomy \& Astrophysics},
	Pages = {A114},
	Publisher = {EDP Sciences},
	Title = {V1309 Scorpii: merger of a contact binary},
	Volume = {528},
	Year = {2011}}

@article{vanderplas2014astroml,
	Author = {VanderPlas, Jacob and Fouesneau, Morgan and Taylor, Julia},
	Date-Added = {2016-05-18 01:00:07 +0000},
	Date-Modified = {2016-05-18 01:00:07 +0000},
	Journal = {Astrophysics Source Code Library},
	Title = {AstroML: Machine learning and data mining in astronomy},
	Year = {2014}}

@misc{vanderplas2015gatspy,
	Author = {Jake Vanderplas},
	Date-Added = {2016-05-18 01:00:07 +0000},
	Date-Modified = {2016-05-18 01:00:07 +0000},
	Doi = {10.5281/zenodo.14833},
	Title = {gatspy: General tools for Astronomical Time Series in Python},
	Url = {http://dx.doi.org/10.5281/zenodo.14833},
	Year = {2015},
	Bdsk-Url-1 = {http://dx.doi.org/10.5281/zenodo.14833}}

@inproceedings{vaughan1983mount,
	Author = {Vaughan, AH},
	Booktitle = {Solar and Stellar Magnetic Fields: Origins and Coronal Effects},
	Date-Added = {2016-05-18 01:00:07 +0000},
	Date-Modified = {2016-05-18 01:00:07 +0000},
	Pages = {113--131},
	Title = {The Mount Wilson program for stellar activity cycles},
	Volume = {102},
	Year = {1983}}

@inproceedings{vilhu1981contact,
	Author = {Vilhu, Osrai and Rahunen, Timo},
	Booktitle = {Fundamental problems in the theory of stellar evolution},
	Date-Added = {2016-05-18 01:00:07 +0000},
	Date-Modified = {2016-05-18 01:00:07 +0000},
	Pages = {181},
	Title = {Contact binary evolution and angular momentum loss},
	Volume = {93},
	Year = {1981}}

@article{wang1994thermal,
	Author = {Wang, J-M},
	Date-Added = {2016-05-18 01:00:07 +0000},
	Date-Modified = {2016-05-18 01:00:07 +0000},
	Journal = {The Astrophysical Journal},
	Pages = {277--282},
	Title = {The thermal relaxation oscillation states of contact binaries},
	Volume = {434},
	Year = {1994}}

@inproceedings{wilsey2009revisiting,
	Author = {Wilsey, Nicholas J and Beaky, Mathew M},
	Booktitle = {Society for Astronomical Sciences Annual Symposium},
	Date-Added = {2016-05-18 01:00:07 +0000},
	Date-Modified = {2016-05-18 01:00:07 +0000},
	Pages = {107},
	Title = {Revisiting the O'Connell Effect in Eclipsing Binary Systems},
	Volume = {28},
	Year = {2009}}

@article{yang2012deep,
	Author = {Yang, Y-G and Qian, S-B and Soonthornthum, B},
	Date-Added = {2016-05-18 01:00:07 +0000},
	Date-Modified = {2016-05-18 01:00:07 +0000},
	Journal = {The Astronomical Journal},
	Number = {5},
	Pages = {122},
	Publisher = {IOP Publishing},
	Title = {Deep, Low-mass Ratio Overcontact Binary Systems. XII. CK Bootis with Possible Cyclic Magnetic Activity and Additional Companion},
	Volume = {143},
	Year = {2012}}

@article{york2000sloan,
	Author = {York, Donald G and Adelman, J and Anderson Jr, John E and Anderson, Scott F and Annis, James and Bahcall, Neta A and Bakken, JA and Barkhouser, Robert and Bastian, Steven and Berman, Eileen and others},
	Date-Added = {2016-05-18 01:00:07 +0000},
	Date-Modified = {2016-05-18 01:00:07 +0000},
	Journal = {The Astronomical Journal},
	Number = {3},
	Pages = {1579},
	Publisher = {IOP Publishing},
	Title = {The sloan digital sky survey: Technical summary},
	Volume = {120},
	Year = {2000}}

@article{zhang2004long,
	Author = {Zhang, XB and Zhang, RX},
	Date-Added = {2016-05-18 01:00:07 +0000},
	Date-Modified = {2016-05-18 01:00:07 +0000},
	Journal = {Monthly Notices of the Royal Astronomical Society},
	Number = {1},
	Pages = {307--315},
	Publisher = {Oxford University Press},
	Title = {Long-term photometric study of the W UMa binary star V523 Cas},
	Volume = {347},
	Year = {2004}}

@article{zhou1990explanation,
	Author = {Zhou, Dao-Qi and Leung, Kam-Ching},
	Date-Added = {2016-05-18 01:00:07 +0000},
	Date-Modified = {2016-05-18 01:00:07 +0000},
	Journal = {The Astrophysical Journal},
	Pages = {271--276},
	Title = {An explanation of light-curve asymmetries in contact binaries by means of the Coriolis effect},
	Volume = {355},
	Year = {1990}}

@article{moffett1974uv,
	Author = {Moffett, TJ},
	Date-Added = {2016-05-18 00:59:45 +0000},
	Date-Modified = {2016-05-18 00:59:45 +0000},
	Journal = {The Astrophysical Journal Supplement Series},
	Pages = {1--42},
	Title = {UV Ceti flare stars-Observational data},
	Volume = {29},
	Year = {1974}}

@article{lacy1976uv,
	Author = {Lacy, CLAUD H and Moffett, Th J and Evans, DAVID S},
	Date-Added = {2016-05-18 00:59:45 +0000},
	Date-Modified = {2016-05-18 00:59:45 +0000},
	Journal = {The Astrophysical Journal Supplement Series},
	Pages = {85--96},
	Title = {UV Ceti stars-Statistical analysis of observational data},
	Volume = {30},
	Year = {1976}}

@article{vilhu1988simultaneous,
	Author = {Vilhu, Osmi and Caillault, Jean-Pierre and Heise, John},
	Date-Added = {2016-05-18 00:59:45 +0000},
	Date-Modified = {2016-05-18 00:59:45 +0000},
	Journal = {The Astrophysical Journal},
	Pages = {922--927},
	Title = {Simultaneous EXOSAT and VLA observations of the contact binaries VW Cephei and XY Leonis-Quiescent emission and a flare on VW Cephei},
	Volume = {330},
	Year = {1988}}

@article{mcgale1996rosat,
	Author = {McGale, PA and Pye, JP and Hodgkin, ST},
	Date-Added = {2016-05-18 00:59:45 +0000},
	Date-Modified = {2016-05-18 00:59:45 +0000},
	Journal = {Monthly Notices of the Royal Astronomical Society},
	Pages = {627--637},
	Title = {ROSAT PSPC X-ray spectral survey of W UMa systems.},
	Volume = {280},
	Year = {1996}}

@article{brickhouse1998extreme,
	Author = {Brickhouse, NS and Dupree, AK},
	Date-Added = {2016-05-18 00:59:45 +0000},
	Date-Modified = {2016-05-18 00:59:45 +0000},
	Journal = {The Astrophysical Journal},
	Number = {2},
	Pages = {918},
	Publisher = {IOP Publishing},
	Title = {Extreme Ultraviolet Explorer Observations of the W Ursae Majoris Contact Binary 44i Bootis: Coronal Structure and Variability},
	Volume = {502},
	Year = {1998}}

@article{miller2001controlling,
	Author = {Miller, Christopher J and Genovese, Christopher and Nichol, Robert C and Wasserman, Larry and Connolly, Andrew and Reichart, Daniel and Hopkins, Andrew and Schneider, Jeff and Moore, Andrew},
	Date-Added = {2016-05-18 00:59:45 +0000},
	Date-Modified = {2016-05-18 00:59:45 +0000},
	Journal = {The Astronomical Journal},
	Number = {6},
	Pages = {3492},
	Publisher = {IOP Publishing},
	Title = {Controlling the false-discovery rate in astrophysical data analysis},
	Volume = {122},
	Year = {2001}}

@article{basri2005kepler,
	Author = {Basri, Gibor and Borucki, William J and Koch, David},
	Date-Added = {2016-05-18 00:59:45 +0000},
	Date-Modified = {2016-05-18 00:59:45 +0000},
	Journal = {New Astronomy Reviews},
	Number = {7},
	Pages = {478--485},
	Publisher = {Elsevier},
	Title = {The Kepler Mission: A wide-field transit search for terrestrial planets},
	Volume = {49},
	Year = {2005}}

@article{pojmanski2005all,
	Author = {Pojmanski, G and Maciejewski, G},
	Date-Added = {2016-05-18 00:59:45 +0000},
	Date-Modified = {2016-05-18 00:59:45 +0000},
	Journal = {Acta Astronomica},
	Pages = {97--122},
	Title = {The All Sky Automated Survey. Catalog of Variable Stars. IV. 18\^{} h-24\^{} h Quarter of the Southern Hemisphere},
	Volume = {55},
	Year = {2005}}

@article{chen2006w,
	Author = {Chen, WP and Sanchawala, Kaushar and Chiu, MC},
	Date-Added = {2016-05-18 00:59:45 +0000},
	Date-Modified = {2016-05-18 00:59:45 +0000},
	Journal = {The Astronomical Journal},
	Number = {2},
	Pages = {990},
	Publisher = {IOP Publishing},
	Title = {W Ursae Majoris contact binary variables as X-ray sources},
	Volume = {131},
	Year = {2006}}

@article{kowalski2009m,
	Author = {Kowalski, Adam F and Hawley, Suzanne L and Hilton, Eric J and Becker, Andrew C and West, Andrew A and Bochanski, John J and Sesar, Branimir},
	Date-Added = {2016-05-18 00:59:45 +0000},
	Date-Modified = {2016-05-18 00:59:45 +0000},
	Journal = {The Astronomical Journal},
	Number = {2},
	Pages = {633},
	Publisher = {IOP Publishing},
	Title = {M DWARFS IN SLOAN DIGITAL SKY SURVEY STRIPE 82: PHOTOMETRIC LIGHT CURVES AND FLARE RATE ANALYSISBased on observations obtained with the Apache Point Observatory 3.5 m telescope, which is owned and operated by the Astrophysical Research Consortium.},
	Volume = {138},
	Year = {2009}}

@article{walkowicz2011white,
	Author = {Walkowicz, Lucianne M and Basri, Gibor and Batalha, Natalie and Gilliland, Ronald L and Jenkins, Jon and Borucki, William J and Koch, David and Caldwell, Doug and Dupree, Andrea K and Latham, David W and others},
	Date-Added = {2016-05-18 00:59:45 +0000},
	Date-Modified = {2016-05-18 00:59:45 +0000},
	Journal = {The Astronomical Journal},
	Number = {2},
	Pages = {50},
	Publisher = {IOP Publishing},
	Title = {White-light flares on cool stars in the Kepler quarter 1 data},
	Volume = {141},
	Year = {2011}}

@article{davenport2013very,
	Author = {Davenport, James RA and Becker, Andrew C and West, Andrew A and Bochanski, John J and Hawley, Suzanne L and Holtzman, Jon and Gunning, Heather C and Hilton, Eric J and Munshi, Ferah A and Albright, Meagan},
	Date-Added = {2016-05-18 00:59:45 +0000},
	Date-Modified = {2016-05-18 00:59:45 +0000},
	Journal = {The Astrophysical Journal},
	Number = {1},
	Pages = {62},
	Publisher = {IOP Publishing},
	Title = {The Very Short Period M Dwarf Binary SDSS J001641--000925},
	Volume = {764},
	Year = {2013}}

@article{shibayama2013superflares,
	Author = {Shibayama, Takuya and Maehara, Hiroyuki and Notsu, Shota and Notsu, Yuta and Nagao, Takashi and Honda, Satoshi and Ishii, Takako T and Nogami, Daisaku and Shibata, Kazunari},
	Date-Added = {2016-05-18 00:59:45 +0000},
	Date-Modified = {2016-05-18 00:59:45 +0000},
	Journal = {The Astrophysical Journal Supplement Series},
	Number = {1},
	Pages = {5},
	Publisher = {IOP Publishing},
	Title = {Superflares on solar-type stars observed with Kepler. I. Statistical properties of superflares},
	Volume = {209},
	Year = {2013}}

@article{davenport2014kepler,
	Author = {Davenport, James RA and Hawley, Suzanne L and Hebb, Leslie and Wisniewski, John P and Kowalski, Adam F and Johnson, Emily C and Malatesta, Michael and Peraza, Jesus and Keil, Marcus and Silverberg, Steven M and others},
	Date-Added = {2016-05-18 00:59:45 +0000},
	Date-Modified = {2016-05-18 00:59:45 +0000},
	Journal = {The Astrophysical Journal},
	Number = {2},
	Pages = {122},
	Publisher = {IOP Publishing},
	Title = {Kepler Flares. II. The Temporal Morphology of White-light Flares on GJ 1243},
	Volume = {797},
	Year = {2014}}

@article{hawley2014kepler,
	Author = {Hawley, Suzanne L and Davenport, James RA and Kowalski, Adam F and Wisniewski, John P and Hebb, Leslie and Deitrick, Russell and Hilton, Eric J},
	Date-Added = {2016-05-18 00:59:45 +0000},
	Date-Modified = {2016-05-18 00:59:45 +0000},
	Journal = {The Astrophysical Journal},
	Number = {2},
	Pages = {121},
	Publisher = {IOP Publishing},
	Title = {Kepler flares. I. Active and inactive M dwarfs},
	Volume = {797},
	Year = {2014}}

@article{kitze2014superflares,
	Author = {Kitze, M and Neuh{\"a}user, R and Hambaryan, V and Ginski, C},
	Date-Added = {2016-05-18 00:59:45 +0000},
	Date-Modified = {2016-05-18 00:59:45 +0000},
	Journal = {Monthly Notices of the Royal Astronomical Society},
	Number = {4},
	Pages = {3769--3776},
	Publisher = {Oxford University Press},
	Title = {Superflares on the slowly rotating solar-type stars KIC10524994 and KIC07133671?},
	Volume = {442},
	Year = {2014}}

@phdthesis{davenport2015spots,
	Author = {Davenport, James Robert Arthur},
	Date-Added = {2016-05-18 00:59:45 +0000},
	Date-Modified = {2016-05-18 00:59:45 +0000},
	Title = {Spots and Flares: Stellar Activity in the Time Domain Era},
	Year = {2015}}

@article{gao2016white,
	Author = {Gao, Qing and Xin, Yu and Liu, Ji-Feng and Zhang, Xiao-Bin and Gao, Shuang},
	Date-Added = {2016-05-18 00:59:45 +0000},
	Date-Modified = {2016-05-18 00:59:45 +0000},
	Journal = {arXiv preprint arXiv:1602.07972},
	Title = {White-Light Flares on Close Binaries Observed with Kepler},
	Year = {2016}}
